<record><leader>00000cas a22000007a 4500</leader><controlfield tag="001">9899993</controlfield><controlfield tag="008">830912d18941896ksuwr ne      0    0eng d</controlfield><controlfield tag="009">3789</controlfield><datafield ind1=" " ind2=" " tag="010"><subfield code="a">sn 83040570 </subfield></datafield><datafield ind1=" " ind2=" " tag="040"><subfield code="a">KSH</subfield><subfield code="b">eng</subfield><subfield code="c">KSH</subfield><subfield code="d">NPT</subfield></datafield><datafield ind1="1" ind2=" " tag="029"><subfield code="a">AU@</subfield><subfield code="b">000025799715</subfield></datafield><datafield ind1=" " ind2=" " tag="042"><subfield code="a">msc</subfield></datafield><datafield ind1=" " ind2=" " tag="043"><subfield code="a">n-us-ks</subfield></datafield><datafield ind1="0" ind2="4" tag="245"><subfield code="a">The Morrill vindicator.</subfield></datafield><datafield ind1=" " ind2=" " tag="260"><subfield code="a">Morrill, Kan. :</subfield><subfield code="b">Vindicator Pub. Co.,</subfield><subfield code="c">1894-1896.</subfield></datafield><datafield ind1=" " ind2=" " tag="300"><subfield code="a">2 v. :</subfield><subfield code="b">ill. ;</subfield><subfield code="c">50 cm.</subfield></datafield><datafield ind1=" " ind2=" " tag="310"><subfield code="a">Weekly</subfield></datafield><datafield ind1="0" ind2=" " tag="362"><subfield code="a">First year, no. 1 (Dec. 29, 1894)-second year, no. 83 (July 24, 1896).</subfield></datafield><datafield ind1=" " ind2=" " tag="500"><subfield code="a">Published on Saturday</subfield></datafield><datafield ind1=" " ind2=" " tag="500"><subfield code="a">Editor: T.K. Sawyer.</subfield></datafield><datafield ind1="1" ind2=" " tag="700"><subfield code="a">Sawyer, T. K.</subfield></datafield><datafield ind1=" " ind2=" " tag="752"><subfield code="a">United States</subfield><subfield code="b">Kansas</subfield><subfield code="c">Brown</subfield><subfield code="d">Morrill.</subfield></datafield><datafield ind1="0" ind2="0" tag="785"><subfield code="t">Netawaka herald</subfield><subfield code="w">(DLC)sn 85029007</subfield></datafield></record>